<collection xmlns="http://www.loc.gov/MARC21/slim">
<record>
  <leader>01771nam0a2200301 i 450 </leader>
  <controlfield tag="001">IT\ICCU\CNCE\015408</controlfield>
  <controlfield tag="005">19970101000000.0</controlfield>
  <datafield tag="012" ind1=" " ind2=" ">
    <subfield code="a">to,&amp; iln- lan- e-a- (C) 1594 (R)</subfield>
    <subfield code="2">fei</subfield>
  </datafield>
  <datafield tag="100" ind1=" " ind2=" ">
    <subfield code="a">19970101d1594        0itac0103    ba</subfield>
  </datafield>
  <datafield tag="101" ind1=" " ind2=" ">
    <subfield code="a">ITA</subfield>
  </datafield>
  <datafield tag="102" ind1=" " ind2=" ">
    <subfield code="a">IT</subfield>
  </datafield>
  <datafield tag="200" ind1="1" ind2=" ">
    <subfield code="a">Constitutioni della venerabile Compagnia di Santi, Faustino et Iouita, di Roma. Della Natione Bresciana</subfield>
  </datafield>
  <datafield tag="210" ind1=" " ind2=" ">
    <subfield code="a">In Roma</subfield>
    <subfield code="c">per gli Stampatori Camerali</subfield>
    <subfield code="d">1594</subfield>
  </datafield>
  <datafield tag="215" ind1=" " ind2=" ">
    <subfield code="a">\8! c.</subfield>
    <subfield code="d">4ʻ</subfield>
  </datafield>
  <datafield tag="620" ind1=" " ind2=" ">
    <subfield code="a">IT</subfield>
    <subfield code="d">Roma</subfield>
  </datafield>
  <datafield tag="710" ind1="0" ind2="2">
    <subfield code="a">Confraternita dei SS. Faustino e Giovita dei Bresciani</subfield>
    <subfield code="c"> &lt;Roma&gt;</subfield>
    <subfield code="3">IT\ICCU\CNCT\003872</subfield>
  </datafield>
  <datafield tag="712" ind1="0" ind2="2">
    <subfield code="a">Stamperia Camerale</subfield>
    <subfield code="c"> &lt;Roma&gt;</subfield>
    <subfield code="3">IT\ICCU\CNCT\002461</subfield>
    <subfield code="4">650</subfield>
  </datafield>
  <datafield tag="791" ind1="0" ind2="2">
    <subfield code="a">Compagnia dei Bresciani</subfield>
    <subfield code="c"> &lt;Roma&gt;</subfield>
    <subfield code="3">IT\ICCU\CNCT\003873</subfield>
    <subfield code="z">Confraternita dei SS. Faustino e Giovita dei Bresciani &lt;Roma&gt;</subfield>
  </datafield>
  <datafield tag="791" ind1="0" ind2="2">
    <subfield code="a">Compagnia dei SS. Faustino e Giovita</subfield>
    <subfield code="c"> &lt;Roma&gt;</subfield>
    <subfield code="3">IT\ICCU\CNCT\003874</subfield>
    <subfield code="z">Confraternita dei SS. Faustino e Giovita dei Bresciani &lt;Roma&gt;</subfield>
  </datafield>
  <datafield tag="791" ind1="0" ind2="2">
    <subfield code="a">Arciconfraternita dei SS. Faustino e Giovita dei Bresciani</subfield>
    <subfield code="c"> &lt;Roma&gt;</subfield>
    <subfield code="3">IT\ICCU\CNCT\003875</subfield>
    <subfield code="z">Confraternita dei SS. Faustino e Giovita dei Bresciani &lt;Roma&gt;</subfield>
  </datafield>
  <datafield tag="791" ind1="0" ind2="2">
    <subfield code="a">Confraternita dei Bresciani</subfield>
    <subfield code="c"> &lt;Roma&gt;</subfield>
    <subfield code="3">15461</subfield>
    <subfield code="z">Confraternita dei SS. Faustino e Giovita dei Bresciani &lt;Roma&gt;</subfield>
  </datafield>
  <datafield tag="791" ind1="0" ind2="2">
    <subfield code="a">Typographia Reverendae Camerae Apostolicae</subfield>
    <subfield code="3">IT\ICCU\CNCT\002739</subfield>
    <subfield code="z">Stamperia Camerale &lt;Roma&gt;</subfield>
  </datafield>
  <datafield tag="791" ind1="0" ind2="2">
    <subfield code="a">Impressores Camerales</subfield>
    <subfield code="3">IT\ICCU\CNCT\003607</subfield>
    <subfield code="z">Stamperia Camerale &lt;Roma&gt;</subfield>
  </datafield>
  <datafield tag="791" ind1="0" ind2="2">
    <subfield code="a">Stamperia della reverenda Camera Apostolica</subfield>
    <subfield code="3">IT\ICCU\CNCT\005740</subfield>
    <subfield code="z">Stamperia Camerale &lt;Roma&gt;</subfield>
  </datafield>
  <datafield tag="791" ind1="0" ind2="2">
    <subfield code="a">Stampatori Camerali</subfield>
    <subfield code="3">IT\ICCU\CNCT\005741</subfield>
    <subfield code="z">Stamperia Camerale &lt;Roma&gt;</subfield>
  </datafield>
  <datafield tag="791" ind1="0" ind2="2">
    <subfield code="a">Typographi Camerales</subfield>
    <subfield code="3">IT\ICCU\CNCT\005742</subfield>
    <subfield code="z">Stamperia Camerale &lt;Roma&gt;</subfield>
  </datafield>
  <datafield tag="801" ind1=" " ind2="3">
    <subfield code="a">IT</subfield>
    <subfield code="b">ICCU</subfield>
    <subfield code="c">20201114</subfield>
  </datafield>
  <datafield tag="899" ind1=" " ind2=" ">
    <subfield code="a">Biblioteca Casanatense. Roma</subfield>
    <subfield code="1">RM0313</subfield>
    <subfield code="2">RML 07</subfield>
  </datafield>
</record>
</collection>
